@STRING{jrnl:1 = "J. Atmos. Sol. Terr. Phys."}
@STRING{jrnl:2 = "Earth, Planets and Space"}
@STRING{jrnl:3 = "Adv. Space Res."}
@STRING{jrnl:4 = "Electronics and Communication"}
@STRING{jrnl:5 = "Ann. Geophysicae"}
@STRING{jrnl:14 = "J. Geophys. Res."}
@STRING{jrnl:15 = "J. Geophys. Res. Space Physics"}
@STRING{jrnl:17 = "Geophys. Res. Lett."}
@STRING{jrnl:18 = "Radio Sci."}
@STRING{jrnl:23 = "J. Atmos. Terr. Phys."}
@STRING{jrnl:24 = "Planet. Space Sci."}
@STRING{jrnl:25 = "Proc. {IEEE}"}
@STRING{jrnl:32 = "Adv. Polar Upper Atmos. Res."}
@STRING{jrnl:56 = "Can. J. Phys."}
@STRING{jrnl:57 = "Geom. Aeron."}
@STRING{jrnl:58 = "Geophys. Rev."}
@STRING{jrnl:59 = "Rev. Geophys."}



@ARTICLE{Anderson1988,
	author = {{Anderson}, D.~N. and {Buchau}, J. and {Heelis}, R.~A.},
	title = {Origin of density enhancements in the winter polar cap ionosphere},
	journal = jrnl:18,
	year = {1988},
	volume = {23},
	number = {4},
	pages = {513--519},
}

@ARTICLE{Bahcivan2010,
	author = {{Bahcivan}, H. and {Tsunoda}, R. and {Nicolls}, M. and {Heinselman}, C.},
	title = {Initial ionospheric observations made by the new {Resolute} incoherent scatter radar and comparison to solar wind {IMF}},
	journal = jrnl:17,
	year = {2010},
	volume = {37},
	eid = {L15103},
	doi = {10.1029/2010GL043632},
}

@ARTICLE{Barthes1998,
	author = {{Barthes}, L. and {Andr\'{e}}, R. and {Cerisier}, J.-C. and {Villain}, J.-P.},
	title = {Separation of multiple echoes using a high-resolution spectral analysis of {SuperDARN} {HF} radars},
	journal = jrnl:18,
	year = {1998},
	volume = {33},
	number = {4},
	pages = {1005--1017},
}

@ARTICLE{Bilitza1985,
	author = {{Bilitza}, D.},
	title = {Implementation of the new electron temperature model in {IRI}},
	journal = jrnl:3,
	year = {1985},
	volume = {5},
	number = {10},
	pages = {117--122},
	doi = {10.1016/0273-1177(85)90193-0},
}

@ARTICLE{Bilitza1986,
	author = {{Bilitza}, D.},
	title = {International reference ionosphere: recent developments},
	journal = jrnl:18,
	year = {1986},
	volume = {21},
	pages = {343--346},
	doi = {10.1029/RS021i003p00343},
}

@ARTICLE{Bilitza1990,
	author = {{Bilitza}, D. and {Rawer}, K.},
	title = {New options for {IRI} electron density in the middle ionosphere},
	journal = jrnl:3,
	year = {1990},
	volume = {10},
	number = {11},
	pages = {7--16},
}

@ARTICLE{Bilitza1997,
	author = {{Bilitza}, D.},
	title = {{International Reference Ionosphere} - Status 1995/1996},
	journal = jrnl:3,
	year = {1997},
	volume = {20},
	number = {9},
	pages = {1751--1754},
}

@ARTICLE{Bilitza2001,
	author = {{Bilitza}, D.},
	title = {{International Reference Ionosphere} 2000},
	journal = jrnl:18,
	year = {2001},
	volume = {36},
	pages = {261--275},
	doi = {10.1029/2000RS002432},
}

@ARTICLE{Bilitza2008,
	author = {{Bilitza}, D. and {Reinisch}, B.~W.},
	title = {{International Reference Ionosphere} 2007: Improvements and new parameters},
	journal = jrnl:3,
	year = {2008},
	volume = {42},
	number = {4},
	pages = {599--609},
	doi = {10.1016/j.asr.2007.07.048},
}

@ARTICLE{Bilitza2014,
	author = {{Bilitza}, D. and {Altadill}, D. and {Zhang}, Y. and {Mertens}, C. and {Truhlik}, V. and {Richards}, P. and {McKinnell}, L.-A. and {Reinisch}, B.},
	title = {The {International Reference Ionosphere} 2012 - a model of international collaboration},
	year = {2014},
	journal = "J. Space Weather Space Clim.",
	volume = {4},
	number = {A07},
	doi = {10.1051/swsc/201404},
}

@ARTICLE{Bowles1958,
	author = {{Bowles}, K.~L.},
	title = {Observations of vertical-incidence scatter from the ionosphere at 41 {Mc/sec}},
	year = {1958},
	journal = "Phys. Rev. Lett.",
	volume = {1},
	number = {12},
	pages = {454--455},
}

@ARTICLE{Buchau1983,
	author = {{Buchau}, J. and {Reinisch}, B.~W. and {Weber}, E.~J. and {Moore}, J.~G.},
	title = {Structure and dynamics of the winter polar cap {F} region},
	journal = jrnl:18,
	year = {1983},
	volume = {18},
	number = {6},
	pages = {995--1010},
}

@ARTICLE{Carlson2004,
	author = {{Carlson}, H.~C. and {Oksavik}, K. and {Moen}, J. and {Pedersen}, T.},
	title = {Ionospheric patch formation: Direct measurements of the origin of a polar cap patch},
	year = {2004},
	journal = jrnl:17,
	volume = {31},
	eid = {L08806},
	doi = {10.1029/2003GL018066},
}

@ARTICLE{Carlson2006,
	author = {{Carlson}, H.~C. and {Oksavik}, K. and {Nielsen}, C.~P. and {McCrea}, I.~W. and {Pedersen}, T.~R. and {Gallop}, P.},
	title = {Direct observations of injection events of subauroral plasma into the polar cap},
	year = {2006},
	journal = jrnl:17,
	volume = {33},
	eid = {L05103},
	doi = {10.1029/2005GL025230},
}

@ARTICLE{Carlson2012,
	author = {{Carlson}, H.~C.},
	title = {Sharpening our thinking about polar cap ionospheric patch morphology, research, and mitigation techniques},
	journal = jrnl:18,
	year = {2012},
	volume = {47},
	eid = {RS0L21},
	doi = {10.1029/2011RS004946},
}

@article{Chisham2007,
	author = {{Chisham}, G. and {Lester}, M. and {Milan}, S.~E. and {Freeman}, M.~P. and {Bristow}, W.~A. and {Grocott}, A. and {McWilliams}, K.~A. and {Ruohoniemi}, J.~M. and {Yeoman}, T. and {Dyson}, P.~L. and {Greenwald}, R.~A. and {Kikuchi}, T. and {Pinnock}, M. and {Rash}, J.~P.~S. and {Sato}, N. and {Sofko}, G.~J. and {Villain}, J.-P. and {Walker}, A.~D.~M.},
	title = {A decade of the {Super Dual Auroral Radar Network (SuperDARN)}: scientific achievements, new techniques and future directions},
	year = {2007},
	month = {January},
	volume = {28},
	journal = {Surveys in Geophysics},
	pages = {33--109},
	publisher = {Springer},
	citeulike-article-id = {1507968},
	doi = {10.1007/s10712-007-9017-8},
	issn = {0169-3298},
}

@ARTICLE{Coisson2006,
	author = {{Co\"{\i}}sson}, P. and {Radicella}, S.~M. and {Leitinger}, R. and {Nava}, B.},
	title = {Topside electron density in {IRI} and {NeQuick}: Features and limitations},
	journal = jrnl:3,
	year = {2006},
	volume = {37},
	pages = {937--942},
	doi = {10.1016/j.asr.2005.09.015},
}

@ARTICLE{Coley1998,
	author = {{Coley}, W.~R. and {Heelis}, R.~A.},
	title = {Seasonal and universal time distribution of patches in the northern and southern polar caps},
	year = {1998},
	journal = jrnl:14,
	volume = {103},
	number = {A12},
	pages = {29229--29237},
}

@ARTICLE{Dahlgren2012a,
	author = {{Dahlgren}, H. and {Semeter}, J.~L. and {Hosokawa}, K. and {Nicolls}, M.~J. and {Butler}, T.~W. and {Johnsen}, M.~G. and {Shiokawa}, K. and {Heinselman}, C.},
	title = {Direct three-dimensional imaging of polar ionospheric strucutes with the {Resolute Bay Incoherent Scatter Radar}},
	journal = jrnl:17,
	year = {2012},
	month = {mar},
	volume = {39},
	eid = {L05104},
	doi = {10.1029/2012GL050895},
}

@ARTICLE{Dahlgren2012b,
	author = {{Dahlgren}, H. and {Perry}, G.~W. and {Semeter}, J.~L. and {St.-Maurice}, J.-P. and {Hosokawa}, K. and {Nicolls}, M.~J. and {Greffen}, M. and {Shiokawa}, K. and {Heinselman}, C.},
	title = {Space-time variability of polar cap patches: Direct evidence for internal plasma structuring},
	journal = jrnl:14,
	year = {2012},
	month = {sep},
	volume = 117,
	eid = {A09312},
	doi = {10.1029/2012JA017961},
}

@ARTICLE{Evans1969,
  author = {{Evans}, J.~V.},
  title = {Theory and practice of ionosphere study by {Thomson Scatter Radar}},
  journal = jrnl:25,
  volume = {57},
  pages = {496--530},
  year = {1969},
}

@ARTICLE{Farley1972,
	author = {{Farley}, D.~T.},
	title = {Multiple-pulse incoherent-scatter correlation function measurements},
	year = {1972},
	journal = jrnl:18,
	volume = {7},
	number = {6},
	pages = {661--666},
}

@ARTICLE{Fejer1960,
	author = {{Fejer}, J.~A.},
	title = {Hydromagnetic wave propagation in the ionosphere},
	year = {1960},
	journal = jrnl:23,
	volume = {18},
	pages = {135--146},
}

@ARTICLE{Gordon1958,
	author = {{Gordon}, W.~E.},
	title = {Incoherent Scattering of Radio Waves by Free Electrons with Applications to Space Exploration by Radar},
	year = {1958},
	journal = jrnl:25,
	volume = {46},
	number = {11},
	pages = {1824--1829},
}

@ARTICLE{Greenwald1978,
	author = {{Greenwald}, R.~A. and {Weiss}, W. and {Nielsen}, E. and {Thomson}, N.~R.},
	title = {{STARE}: A new radar auroral backscatter in {N}orthern {S}candinavia},
	year = {1978},
	journal = jrnl:18,
	volume = {13},
	pages = {1021--1029},
}

@ARTICLE{Greenwald1983,
	author = {{Greenwald}, R.~A. and {Baker}, K.~B. and {Villain}, J.~P.},
	title = {Initial studies of small-scale {F} region irregularities at very high latitudes},
	year = {1983},
	journal = jrnl:18,
	volume = {18},
	number = {6},
	pages = {1122--1132},
}

@ARTICLE{Greenwald1985,
	author = {{Greenwald}, R.~A. and {Baker}, K.~B. and {Hutchins}, R.~A. and Hanuise, C.},
	title = {An {HF} phased-array radar for studying small-scale structure in the high-latitude ionosphere},
	year = {1985},
	journal = jrnl:18,
	volume = {20},
	number = {1},
	pages = {63--79},
}

@ARTICLE{Greenwald1997,
	author = {{Greenwald}, R.~A.},
	title = {Space Weather, {SuperDARN}, and the {Tasmanian Tiger}},
	year = {1997},
	journal = "Aust. J. Phys.",
	volume = {50}
	pages = {773--792},
}

@ARTICLE{Haselgrove1963,
  author = {{Haselgrove}, J.},
  title = {The hamiltonian ray path equations},
  journal = jrnl:23,
  year = {1963},
  volume = {25},
  pages = {397-399},
}

@ARTICLE{Heinselman2008,
	author = {{Heinselman}, C.~J. and {Nicolls}, M.~J.},
	title = {A Bayesian approach to electric field and {E}-region neutral wind estimation with the {Poker Flat Advanced Modular Incoherent Scatter Radar}},
	journal = jrnl:18,
	year = 2008,
	volume = 43,
	eid = {RS5013},
	doi = {10.1029/2007RS003805},
}

@ARTICLE{Lockwood1992b,
	author = {{Lockwood}, M. and {Carlson}, H.~C.},
	title = {Production of polar cap electron density patches by transient magnetopause reconnection},
	year = {1992},
	journal = jrnl:17,
	volume = {19},
	number = {17},
	pages = {1731--1734},
}

@ARTICLE{Makarevich2015,
	author = {{Makarevich}, R.~A. and {Lamarche}, L.~J. and {Nicolls}, M.~J.},
	title = {{Resolute Bay Incoherent Scatter Radar} observations of plasma structures in the vicinity of polar holes},
	journal = jrnl:15,
	volume = 120,
	doi = {10.1002/2015JA021443},
	year = {2015},
}
 
@ARTICLE{Millward1999,
	author = {{Millward}, G.~H. and {Moffett}, R.~J. and {Balmforth}, H.~F. and {Rodger}, A.~S},
	title = {Modeling the ionospheric effects of ion and electron precipitation in the cusp},
	journal = jrnl:17,
	year = {1999},
	volume = {104},
	number = {A11},
	pages = {24603--24612},
}

@ARTICLE{Nicolls2007,
	author = {{Nicolls}, M.~J. and {Heinselman}, C.~J. and {Hope}, E.~A. and {Ranjan}, S. and {Kelley}, M.~C. and {Kelly}, J.~D.},
	title = {Imaging of polar mesosphere summer echoes with the 450 {MHz} {Poker Flat Advanced Modular Incoherent Scatter Radar}},
	journal = jrnl:17,
	volume = {34},
	eid = {L20102},
	doi = {10.1029/2007GL031476},
	year = {2007},
}

@ARTICLE{Parker1958,
	author = {{Parker}, E.~N.},
	title = {Dynamics of the interplanetary gas and magnetic fields},
	year = {1958},
	journal = "Astrophysical Journal",
	volume = {128},
	pages = {664--676},
}

@ARTICLE{Ponomarenko2006,
	author = {{Ponomarenko}, P.~V. and {Waters}, C.~L.},
	title = {Spectral width of {SuperDARN} echoes: {M}easurement, use and physical interpretation},
	journal = jrnl:5,
	year = {2006},
	volume = {24},
	pages = {115--128},
}

@ARTICLE{Prikryl1999,
	author = {{Prikryl}, P. and {MacDougall}, J.~W. and {Grant}, I.~F. and {Steele}, D.~P. and {Sofko}, G.~J. and {Greenwald}, R.~A.},
	title = {Observations of polar patches generated by solar wind {Alfv\'{e}n} waves coupling to the dayside magnetosphere},
	journal = jrnl:5,
	year = {1999},
	volume = {17},
	pages = {463--489},
}

@ARTICLE{Rishbeth1985,
	author = {{Rishbeth}, H. and {Williams}, P.~J.~S.},
	title = {The {EISCAT} ionospheric radar: The system and its early results},
	journal = "Q. J. R. Astron. Soc.",
	year = {1985},
	volume = {26},
	pages = {478-512},
}

@ARTICLE{Rodger1994,
	author = {{Rodger}, A.~S. and {Pinnock}, M. and {Dudeney}, J.~R. and {Baker}, K.~B. and {Greenwald}, R.~A.},
	title = {A new mechanism for polar patch formation},
	year = {1994},
	journal = jrnl:14,
	volume = {99},
	number = {A4},
	pages = {6425--6436},
}

@ARTICLE{Rodger1996,
	author = {{Rodger}, A.~S. and {Graham}, A.~C.},
	title = {Diurnal and seasonal occurrence of polar patches},
	year = {1996},
	journal = jrnl:5,
	volume = {14},
	pages = {533--537},
}

@ARTICLE{Rawer1978,
	author = {{Rawer}, K. and {Bilitza}, D. and {Ramakrishnan}, S.},
	title = {Goals and status of the {International Reference Ionosphere}},
	year = {1978},
	journal = jrnl:59,
	volume = {16},
	number = {2},
	pages = {177--181},
}

@ARTICLE{Ruohoniemi1998,
	author = {{Ruohoniemi}, J.~M. and {Baker}, K.~B.},
	title = {Large-scale imaging of high-latitude convection with {Super Dual Auroral Radar Network} {HF} radar observations},
	journal = jrnl:14,
	year = {1998},
	volume = {103},
	pages = {20797--20811},
}

@ARTICLE{Schunk1980,
	author = {{Schunk}, R.~W. and {Nagy}, A.~F.},
	title = {Ionospheres of the terrestrial planets},
	journal = {Rev. Geophys. Space Phys.},
	year = {1980},
	volume = {18},
	pages = {813--852},
}

@ARTICLE{Semeter2009,
	author = {{Semeter}, J. and {Butler}, T. and {Heinselman}, C. and {Nicolls}, M. and	{Kelly}, J. and {Hampton}, D.},
	title = {Volumetric imaging of the auroral ionosphere: Initial results from {PFISR}},
	journal = jrnl:1,
	year = {2009},
	volume = {71},
	pages = {738--743},
}

@ARTICLE{Sojka1994,
	author = {{Sojka}, J.~J. and {Bowline}, M.~D. and {Schunk}, R.~W.},
	title = {Patches in the polar ionosphere: {UT} and seasonal dependence},
	journal = jrnl:14,
	year = {1994},
	volume = {99},
	number = {A8},
	pages = {14959--14970},
}

@article{Themens2014,
	author = {{Themens}, D. and {Jayachandran}, P. and {Nicolls}, M.~J. and {MacDougall}, J.~W.},
	title = {A Top to Bottom Evaluation of {IRI}-2007 within the Polar Cap},
	year =  {2014},
	journal = jrnl:14,
	volume = {119},
	doi = {10.1002/2014JA020052},
}

@ARTICLE{Tsunoda1988,
	author = {{Tsunoda}, R.~T.},
	title = {High-latitude {F} region irregularities - A review and synthesis},
	journal = jrnl:58,
	year = {1988},
	volume = {26},
	pages = {719-760},
}

@ARTICLE{Valladares1994,
	author = {{Valladares}, C.~E. and {Basu}, S. and {Buchau}, J. and {Friis-Christensen}, E.},
	title = {Experimental evidence for the formation and entry of patches into the polar cap},
	journal = jrnl:18,
	year = {1994},
	volume = {29},
	number = {1},
	pages = {167--194},
}

@ARTICLE{Valladares1998,
	author = {{Valladares}, C.~E. and {Decker}, D.~T. and {Sheehan}, R. and {Anderson}, D.~N. and {Bullett}, T. and {Reinisch}, B.~W.},
	title = {Formation of polar cap patches associated with north-to-south transitions of the interplanetary magnetic field},
	journal = jrnl:14,
	year = {1998},
	volume = {103},
	number = {A7},
	pages = {14657--14670},
}

@ARTICLE{Weber1981,
	author = {{Weber}, E.~J. and {Buchau}, J.},
	title = {Polar cap {F}-layer auroras},
	journal = jrnl:17,
	year = {1981},
	volume = {8},
	number = {1},
	pages = {125--128},
}

@ARTICLE{Weber1984,
	author = {{Weber}, E.~J. and {Buchau}, J. and {Moore}, J.~G. and {Sharber}, J.~R. and {Livingston}, R.~C. and {Winningham}, J.~D. and {Reinisch}, B.~W.},
	title = {{F }layer ionization patches in the polar cap},
	journal = jrnl:14,
	year = {1984},
	volume = {89},
	number = {A3},
	pages = {1683-1694},
}



@BOOK{Kelley2009,
	author = {{Kelley}, M.~C.},
	title = {The Earth's Ionosphere: Plasma Physics and Electrodynamics},
	publisher = {Academic Press},
	year = {2009},
}

@BOOK{Schunk2009,
	author = {{Schunk}, R.~W. and {Nagy}, A.~F.},
	title = {Ionospheres: Physic, Plasma Physics, and Chemistry},
	publisher = {Cambridge University Press},
	edition = {2},
	year = {2009},
}



@INPROCEDINGS{Rawer1975,
	author = {{Rawer}, K. and {Ramakrishnan}, S. and {Bilitza}, D.},
	title = {Preliminary reference profiles for electron and ion densities and temperatures proposed for the {International Reference Ionosphere}},
	booktitle = {Scientific Report W.B. 2},
	organization = {Institut f\"{u}r physikalische Weltraumforschung},
	address = {Freiburg, Germany},
	year = {1975},
}

@TECHREPORT{Rawer1981,
	author = {{Rawer}, K. and {Lincoln}, V. and {Conkright}, R.},
	title = {International Reference Ionosphere - IRI 79},
	number = {Report UAG-82},
	institution = {World Data Center A for Solar-Terrestrial Physics},
	address = {Boulder, Colorado, USA},
	year = {1981},
}

@TECHREPORT{Jones1975,
  author = {R. M. Jones and J. J. Stephenson},
  title = {A versatile three dimensional ray tracing computer program for radio waves in the ionosphere},
  number = {OT Report 75-76},
  institution = {US Dep. of Comm.},
  address = {Washington DC, USA},
  year = {1975},
}

